@online{artifacts,
    author = "Julia Artifacts",
    title = "https://levelup.gitconnected.com/julia-artifacts-for-dummies-f2eef4fc193a",
    url  = "https://levelup.gitconnected.com/julia-artifacts-for-dummies-f2eef4fc193a",
    keywords = "julia,artifacts"
}
@online{threads,
    author = "Threads",
    title = "https://www.iitk.ac.in/esc101/05Aug/tutorial/essential/threads/definition.html",
    url  = "https://www.iitk.ac.in/esc101/05Aug/tutorial/essential/threads/definition.html",
    keywords = "threads"
}
@book{tasks,
    title = {Programming in Lua, Third Edition},
    author = {Roberto Ierusalimschy},
    isbn = {978-8590379850},
    year = {2013},
    publisher = {Lua.org}
}
